<?xml version="1.0" encoding="UTF-8"?><record xmlns="http://www.loc.gov/MARC21/slim" xmlns:cinclude="http://apache.org/cocoon/include/1.0" xmlns:zs="http://www.loc.gov/zing/srw/">
  <leader>00461nz  a2200121n  4500</leader>
  <controlfield tag="001">n 2001001731</controlfield>
  <controlfield tag="003">DLC</controlfield>
  <controlfield tag="005">20010302170116.0</controlfield>
  <controlfield tag="008">010302n| acannaabn          |n aaa      </controlfield>
  <datafield tag="010" ind1=" " ind2=" ">
    <subfield code="a">n 2001001731</subfield>
  </datafield>
  <datafield tag="040" ind1=" " ind2=" ">
    <subfield code="a">DLC</subfield>
    <subfield code="b">eng</subfield>
    <subfield code="c">DLC</subfield>
  </datafield>
  <datafield tag="100" ind1="1" ind2=" ">
    <subfield code="a">Stiekema, Willem J.</subfield>
  </datafield>
  <datafield tag="670" ind1=" " ind2=" ">
    <subfield code="a">Biology of plant-microbe interactions, c2000:</subfield>
    <subfield code="b">T.p. (Willem J. Stiekema) p. iii (Prof. dr. Willem Stiekema, Wageningen Univ. &amp; Research Centre, Plant Research International, Wagening, The Netherlands)</subfield>
  </datafield>
</record>